<record><leader>00000cas a22000007a 4500</leader><controlfield tag="001">9703948</controlfield><controlfield tag="008">830714d18461852nyuwr ne      0    0eng d</controlfield><datafield ind1=" " ind2=" " tag="010"><subfield code="a">sn 83030900 </subfield></datafield><datafield ind1=" " ind2=" " tag="040"><subfield code="a">NPU</subfield><subfield code="b">eng</subfield><subfield code="c">NPU</subfield><subfield code="d">NYG</subfield><subfield code="d">NPA</subfield><subfield code="d">NPX</subfield><subfield code="d">NPA</subfield><subfield code="d">NPV</subfield><subfield code="d">KNP</subfield><subfield code="d">YOX</subfield><subfield code="d">NYS</subfield><subfield code="d">OCL</subfield><subfield code="d">KRTAS</subfield><subfield code="d">OCLCQ</subfield><subfield code="d">OCLCF</subfield><subfield code="d">OCLCO</subfield></datafield><datafield ind1="1" ind2=" " tag="029"><subfield code="a">AU@</subfield><subfield code="b">000020127124</subfield></datafield><datafield ind1=" " ind2=" " tag="042"><subfield code="a">msc</subfield></datafield><datafield ind1=" " ind2=" " tag="043"><subfield code="a">n-us-ny</subfield></datafield><datafield ind1="0" ind2=" " tag="130"><subfield code="a">Weekly Atlas (Albany, N.Y.)</subfield></datafield><datafield ind1="1" ind2="0" tag="245"><subfield code="a">Weekly Atlas.</subfield></datafield><datafield ind1=" " ind2=" " tag="260"><subfield code="a">Albany, N.Y. :</subfield><subfield code="b">French &amp; Cassidy</subfield></datafield><datafield ind1=" " ind2=" " tag="300"><subfield code="a">v. ;</subfield><subfield code="c">52 cm.</subfield></datafield><datafield ind1=" " ind2=" " tag="310"><subfield code="a">Weekly</subfield></datafield><datafield ind1="1" ind2=" " tag="362"><subfield code="a">Began in 1846; ceased in 1852?</subfield></datafield><datafield ind1=" " ind2=" " tag="500"><subfield code="a">Publishers: James M. French &amp; William Cassidy, &lt;1846&gt;; Henry H. Van Dyck, 1846-&lt;1851&gt;.</subfield></datafield><datafield ind1=" " ind2=" " tag="500"><subfield code="a">"Democratic."</subfield></datafield><datafield ind1=" " ind2=" " tag="580"><subfield code="a">Daily ed.: Albany evening Atlas (Albany, N.Y. : 1843).</subfield></datafield><datafield ind1=" " ind2=" " tag="588"><subfield code="a">Description based on: Vol. 4, no. 34 (May 9, 1846).</subfield></datafield><datafield ind1=" " ind2="0" tag="651"><subfield code="a">Albany (N.Y.)</subfield><subfield code="v">Newspapers.</subfield></datafield><datafield ind1=" " ind2="0" tag="651"><subfield code="a">Albany County (N.Y.)</subfield><subfield code="v">Newspapers.</subfield></datafield><datafield ind1=" " ind2="7" tag="655"><subfield code="a">Newspapers.</subfield><subfield code="2">fast</subfield><subfield code="0">(OCoLC)fst01423814</subfield></datafield><datafield ind1=" " ind2="7" tag="651"><subfield code="a">New York (State)</subfield><subfield code="z">Albany.</subfield><subfield code="2">fast</subfield><subfield code="0">(OCoLC)fst01225716</subfield></datafield><datafield ind1=" " ind2="7" tag="651"><subfield code="a">New York (State)</subfield><subfield code="z">Albany County.</subfield><subfield code="2">fast</subfield><subfield code="0">(OCoLC)fst01210357</subfield></datafield><datafield ind1=" " ind2=" " tag="752"><subfield code="a">United States</subfield><subfield code="b">New York</subfield><subfield code="c">Albany</subfield><subfield code="d">Albany.</subfield></datafield><datafield ind1="0" ind2=" " tag="775"><subfield code="t">Albany Atlas (Albany, N.Y. : Semiweekly)</subfield><subfield code="w">(DLC)sn 83030898</subfield></datafield><datafield ind1="1" ind2=" " tag="775"><subfield code="t">Albany evening Atlas (Albany, N.Y. : 1843)</subfield><subfield code="w">(DLC)sn 83030897</subfield></datafield><datafield ind1="0" ind2="0" tag="780"><subfield code="t">Albany weekly Atlas (Albany, N.Y. : 1843)</subfield><subfield code="w">(DLC)sn 85054116</subfield></datafield><datafield ind1="0" ind2="0" tag="785"><subfield code="t">Albany Atlas (Albany, N.Y. : 1852)</subfield><subfield code="w">(DLC)sn 86053051</subfield></datafield><datafield ind1=" " ind2=" " tag="938"><subfield code="a">Kirtas Technologies, Inc.</subfield><subfield code="b">KRTS</subfield><subfield code="n">737089</subfield></datafield></record>